<?xml version="1.0" encoding="UTF-8"?><collection xmlns="http://www.loc.gov/MARC21/slim"><record><leader>00435nam--2200157-i-4500</leader><controlfield tag="001">000010364</controlfield><controlfield tag="002">20161230</controlfield><controlfield tag="005">20170114224445</controlfield><controlfield tag="008">060222s1000------------r-----000-0-eng-d</controlfield><datafield ind1=" " ind2=" " tag="080"><subfield code="a">533.9:06L.3(A):523</subfield></datafield><datafield ind1=" " ind2=" " tag="245"><subfield code="a">Astrofisica del plasma</subfield></datafield><datafield ind1=" " ind2=" " tag="260"><subfield code="a">New York</subfield><subfield code="b">Academic Press</subfield><subfield code="c">1967</subfield></datafield><datafield ind1=" " ind2=" " tag="300"><subfield code="a">XVI + 364 p</subfield></datafield><datafield ind1=" " ind2=" " tag="490"><subfield code="a">Rendiconti Della Scuola Internazionale Di Fisica Enrico Fermi</subfield></datafield><datafield ind1=" " ind2=" " tag="852"><subfield code="a">1874</subfield></datafield><datafield ind1=" " ind2=" " tag="CAT"><subfield code="a">SYS</subfield><subfield code="c">20170114</subfield><subfield code="h">224445</subfield></datafield></record></collection>